<record xmlns="http://www.loc.gov/MARC21/slim" xmlns:xsi="http://www.w3.org/2001/XMLSchema-instance" xsi:schemaLocation="http://www.loc.gov/MARC21/slim http://www.loc.gov/standards/marcxml/schema/MARC21slim.xsd"><leader>00037nz   2200037n  4500</leader><controlfield tag="001">DNB|102400563</controlfield><controlfield tag="003">DNB</controlfield><controlfield tag="005">20080405190910.0</controlfield><controlfield tag="008">930416n||aznnnabbn           | aaa    |c</controlfield><datafield ind1=" " ind2=" " tag="035"><subfield code="a">(DE-101)102400563</subfield></datafield><datafield ind1=" " ind2=" " tag="035"><subfield code="a">(DE-588a)102400563</subfield></datafield><datafield ind1=" " ind2=" " tag="040"><subfield code="a">DE-12</subfield><subfield code="b">ger</subfield><subfield code="c">DE-101</subfield><subfield code="e">rakwb</subfield><subfield code="d">9999</subfield></datafield><datafield ind1=" " ind2=" " tag="079"><subfield code="a">p</subfield><subfield code="q">f</subfield><subfield code="q">p</subfield><subfield code="t">12-PAN</subfield></datafield><datafield ind1="0" ind2=" " tag="100"><subfield code="a">Nicodemus</subfield><subfield code="c">Heracleensis</subfield><subfield code="d">1./2. Jh. n. Chr.</subfield></datafield><datafield ind1="0" ind2=" " tag="400"><subfield code="a">Nikodemos</subfield><subfield code="c">von Herakleia</subfield><subfield code="d">1./2. Jh. n. Chr.</subfield></datafield><datafield ind1="0" ind2=" " tag="400"><subfield code="a">Nicodemus</subfield><subfield code="c">Epigrammaticus</subfield><subfield code="d">1./2. Jh. n. Chr.</subfield></datafield><datafield ind1="0" ind2=" " tag="400"><subfield code="a">Nicodemo</subfield><subfield code="c">di Eraclea</subfield><subfield code="d">1./2. Jh. n. Chr.</subfield></datafield><datafield ind1=" " ind2=" " tag="549"><subfield code="w">i</subfield><subfield code="i">Lebensdaten</subfield><subfield code="a">1./2. Jh. n. Chr.</subfield></datafield><datafield ind1=" " ind2=" " tag="678"><subfield code="a">AP 6.314-320,323; 9.53</subfield></datafield><datafield ind1=" " ind2=" " tag="996"><subfield code="2">JPG|500118880</subfield></datafield><datafield ind1=" " ind2=" " tag="996"><subfield code="2">LC|no2003112486</subfield></datafield><datafield ind1=" " ind2=" " tag="996"><subfield code="2">BNF|13973236</subfield></datafield><datafield ind1=" " ind2=" " tag="996"><subfield code="2">RERO|vtls000122004</subfield></datafield><datafield ind1=" " ind2=" " tag="996"><subfield code="2">BAV|ADV11604779</subfield></datafield><datafield ind1=" " ind2=" " tag="996"><subfield code="2">LC|n  83157940</subfield></datafield><datafield ind1=" " ind2=" " tag="996"><subfield code="2">PICA|125781253</subfield></datafield><datafield ind1=" " ind2=" " tag="996"><subfield code="2">LC|no 00030093</subfield></datafield><datafield ind1=" " ind2=" " tag="996"><subfield code="2">LC|n  92052155</subfield></datafield><datafield ind1=" " ind2=" " tag="996"><subfield code="2">NLA|000036255323</subfield></datafield><datafield ind1=" " ind2=" " tag="996"><subfield code="2">BAV|ADV11971480</subfield></datafield><datafield ind1=" " ind2=" " tag="997"><subfield code="a">0 100 flourished 0 0</subfield><subfield code="9">1</subfield></datafield></record>